@misc{calpac,
	howpublished = "\url{http://calpaclasers.com/laser\_pointers.html}",
	title = "CALPAC LASERS",
	note = "Last accessed, June 2008",
}
